@BOOK
{Ref,
AUTHOR = "Doe, Jane and Smith, John",
TITLE = "A Book",
PUBLISHER = "Books, Inc.",
YEAR = 1999
}

@legislation {eu-269-2014,
  author={{Council of European Union}},
  title={Council regulation ({EU}) no 269/2014},
  year={2014},
  note={\newline\url{http://eur-lex.europa.eu/legal-content/EN/TXT/?qid=1416170084502&uri=CELEX:32014R0269}},
}

@legislation {LOE,
title = {Ley Orgánica de Educación},
shorthand = {LOE},
date = {2006-05-03},
author =  {{Ministerio de Educación}},
editor = {{Boletín Oficial del Estado}},
shorteditor = {BOE}
}

@legislation {LOMCE,
title = {Ley Orgánica para la Mejora de la Calidad Educativa},
shorthand = {LOMCE},
date = {2013-09-12},
institution = {Gobierno de España}
}